@bchthesis{bchthesis20,
    title = {Detección de Suelos Poligonales en Marte mediante Redes Neuronales Convolucionales},
%    author = {},
    year = {2021},
    note = {Máster en Ciencia y Tecnología desde el Espacio. Sobresaliente (9)}
}

@bchthesis{bchthesis19,
    title = {Uso de Técnicas de Soft Computing en Problemas Energéticos en Edificios Inteligentes},
%    author = {},
    year = {2021},
    note = {Grado en Ingeniería Informática. Sobresaliente (10)}
}

@bchthesis{bchthesis18,
    title = {Coronal hole tracking using Big Data and Computer Vision},
%    author = {},
    year = {2020},
    note = {Máster en Ciencia y Tecnología desde el Espacio. Sobresaliente (9)}
}

@bchthesis{bchthesis17,
    title = {Técnicas de IA sobre datos de la misión STEREO para la predicción de ICMEs},
    author = {},
    year = {2020},
    note = {Máster en Ciencia y Tecnología desde el Espacio. Aprobado (6)}
}

@bchthesis{bchthesis16,
    title = {Optimización de trayectorias orbitales usando Inteligencia Artificial},
%    author = {},
    year = {2019},
    note = {Máster en Ciencia y Tecnología desde el Espacio. Sobresaliente (10)}
}

@bchthesis{bchthesis15,
    title = {Desarrollo de un videojuego sobre el motor Unreal Engine 4},
%    author = {},
    year = {2018},
    note = {Grado en Sistemas de Información. Sobresaliente (9)}
}

@bchthesis{bchthesis14,
    title = {Técnicas de big data para mejorar la contratación de productos bancarios},
%    author = {},
    year = {2018},
    note = {Grado en Ingeniería Telemática. Sobresaliente (9)}
}

@bchthesis{bchthesis13,
    title = {Diseño e implementación del controlador neuroevolutivo de un videojuego},
%    author = {},
    year = {2017},
    note = {Grado en Ingeniería Informática. Sobresaliente (10)}
}

@bchthesis{bchthesis12,
    title = {Genetic Programming applied to control NPCs on StarCraft},
    year = {2017},
    note = {Grado en Ingeniería Informática. Sobresaliente (10)}
}

@bchthesis{bchthesis11,
    title = {Detección de caídas mediante un acelerómetro de tres ejes ubicado en la muñeca en personas de tercera edad},
    year = {2016},
    note = {Grado en Ingeniería Informática. Sobresaliente (10)}
}

@bchthesis{bchthesis10,
    title = {Multilingual Wiktionary Parser \& Lemmatizer},
    year = {2015},
    note = {Grado en Ingeniería en Computadores. Notable (7)}
}

@bchthesis{bchthesis9,
    title = {Aplicación de las Redes de Petri para el análisis, optimización y mejora de los procesos de negocio},
    year = {2015},
    note = {Ingeniería Informática. Sobresaliente (9,5)}
}

@bchthesis{bchthesis8,
    title = {Plataforma extensible de integración de servicios REST},
    year = {2015},
    note = {Ingeniería Informática. Sobresaliente (9,5)}
}

@bchthesis{bchthesis7,
    title = {Integración de mensajería instantánea y directorio de usuarios},
    year = {2015},
    note = {Ingeniería Técnica en Telecomunicación, especialidad en Telemática . Sobresaliente (9,5)}
}

@bchthesis{bchthesis6,
    title = {Extracción y análisis de datos masivos en Twitter},
    year = {2015},
    note = {Grado en Ingeniería Informática. Sobresaliente (10)}
}

@bchthesis{bchthesis5,
    title = {Desarrollo de una plataforma de evaluación de algoritmos evolutivos},
    year = {2013},
    note = {Grado en Ingeniería Informática. Sobresaliente (10)}
}

@bchthesis{bchthesis4,
    title = {Desarrollo de un sistema de autenticación y autorización a nivel de usuario basado en el DNI electrónico},
    year = {2007},
    note = {Ingeniería Informática. Notable (8,5)}
}

@bchthesis{bchthesis3,
    title = {Ampliación del software Network Simulator 2 enfocado a la simulación de protocolos de autenticación centralizada EAP en redes Mesh},
    year = {2007},
    note = {Ingeniería en Telecomunicaciones. Notable (8,5)}
}

@bchthesis{bchthesis2,
    title = {Indexador semántico de paquetes Unix},
    year = {2007},
    note = {Ingeniería en Telecomunicaciones. Matrícula de honor (10)}
}

@bchthesis{bchthesis1,
    title = {Implementación de una aplicación basada en servicios web con Java},
    year = {2007},
    note = {Ingeniería en Telecomunicaciones. Sobresaliente (9)}
}


