@course{official2021-3,
    title = {Tecnología de Videojuegos},
    author = {{Asignatura transversal EPS}},
    year = {2019},
    keywords = {official},
    note = {33T/63P. \textit{Coordination}}
}

@course{official2021-2,
    title = {Inteligencia Artificial en los Sistemas de Control Autónomo},
    author = {{Máster Universitario en Ingeniería Industrial}},
    year = {2020},
    keywords = {official},
    note = {Básica. 63T. \textit{Coordination}}
}

@course{official2021-1,
    title = {Inteligencia Artificial en los Sistemas de Control Autónomo},
    author = {{Máster Universitario en Ciencia y Tecnología desde el Espacio}},
    year = {2021},
    keywords = {official},
    note = {Básica. 40T.}
}

@course{official2020-3,
    title = {Tecnología de Videojuegos},
    author = {{Asignatura transversal EPS}},
    year = {2019},
    keywords = {official},
    note = {33T/63P. \textit{Coordination}}
}

@course{official2020-2,
    title = {Inteligencia Artificial en los Sistemas de Control Autónomo},
    author = {{Máster Universitario en Ingeniería Industrial}},
    year = {2020},
    keywords = {official},
    note = {Básica. 44T. \textit{Coordination}}
}

@course{official2020-1,
    title = {Inteligencia Artificial en los Sistemas de Control Autónomo},
    author = {{Máster Universitario en Ciencia y Tecnología desde el Espacio}},
    year = {2020},
    keywords = {official},
    note = {Básica. 30T.}
}

@course{official2019-3,
    title = {Tecnología de Videojuegos},
    author = {{Asignatura transversal EPS}},
    year = {2019},
    keywords = {official},
    note = {33T/63P. \textit{Coordination}}
}

@course{official2019-2,
    title = {Inteligencia Artificial en los Sistemas de Control Autónomo},
    author = {{Máster Universitario en Ingeniería Industrial}},
    year = {2019},
    keywords = {official},
    note = {Básica. 44T. \textit{Coordination}}
}

@course{official2019-1,
    title = {Inteligencia Artificial en los Sistemas de Control Autónomo},
    author = {{Máster Universitario en Ciencia y Tecnología desde el Espacio}},
    year = {2019},
    keywords = {official},
    note = {Básica. 30T.}
}

@course{official2013-4,
    title = {Sistemas Operativos},
    author = {{Grado en Ingeniería Informática / Grado en Ingeniería en Computadores}},
    year = {2013},
    keywords = {official},
    note = {Troncal. 44P.}
}

@course{official2018-3,
    title = {Tecnología de Videojuegos},
    author = {{Asignatura transversal EPS}},
    year = {2018},
    keywords = {official},
    note = {33T/63P. \textit{Coordination}}
}

@course{official2018-2,
    title = {Inteligencia Artificial en los Sistemas de Control Autónomo},
    author = {{Máster Universitario en Ingeniería Industrial}},
    year = {2018},
    keywords = {official},
    note = {Básica. 44T. \textit{Coordination}}
}

@course{official2018-1,
    title = {Inteligencia Artificial en los Sistemas de Control Autónomo},
    author = {{Máster Universitario en Ciencia y Tecnología desde el Espacio}},
    year = {2018},
    keywords = {official},
    note = {Básica. 30T.}
}

@course{official2017-3,
    title = {Tecnología de Videojuegos},
    author = {{Asignatura transversal EPS}},
    year = {2017},
    keywords = {official},
    note = {30T/60P. \textit{Coordination}}
}

@course{official2017-2,
    title = {Inteligencia Artificial en los Sistemas de Control Autónomo},
    author = {{Máster Universitario en Ingeniería Industrial}},
    year = {2017},
    keywords = {official},
    note = {Básica. 36T. \textit{Coordination}}
}

@course{official2017-1,
    title = {Inteligencia Artificial en los Sistemas de Control Autónomo},
    author = {{Máster Universitario en Ciencia y Tecnología desde el Espacio}},
    year = {2017},
    keywords = {official},
    note = {Básica. 22,5T.}
}

@course{official2016-4,
    title = {Tecnología de Videojuegos},
    author = {{Asignatura transversal EPS}},
    year = {2016},
    keywords = {official},
    note = {30T/56P.  \textit{Coordination}}
}

@course{official2016-3,
    title = {Inteligencia Artificial en los Sistemas de Control Autónomo},
    author = {{Máster Universitario en Ingeniería Industrial}},
    year = {2016},
    keywords = {official},
    note = {Básica. 35T.  \textit{Coordination}}
}

@course{official2016-2,
    title = {Inteligencia Artificial en los Sistemas de Control Autónomo},
    author = {{Máster Universitario en Ciencia y Tecnología desde el Espacio}},
    year = {2016},
    keywords = {official},
    note = {Básica. 6T.}
}

@course{official2016-1,
    title = {Aplicación de los Sistemas de Control (English)},
    author = {{Grado en Ingeniería en Computadores / Grado en Ingeniería Informática}},
    year = {2016},
    keywords = {official},
    note = {Year 3. Optativa. 7,5T/7,5P.}
}

@course{official2015-4,
    title = {Tecnología de Videojuegos},
    author = {{Asignatura transversal EPS}},
    year = {2015},
    keywords = {official},
    note = {30T/120P. \textit{Coordination}.}
}

@course{official2015-3,
    title = {Inteligencia Artificial en los Sistemas de Control Autónomo},
    author = {{Máster Universitario en Ingeniería Industrial}},
    year = {2015},
    keywords = {official},
    note = {Básica. 22,5T. \textit{Coordination}.}
}

@course{official2015-2,
    title = {Inteligencia Artificial en los Sistemas de Control Autónomo},
    author = {{Máster Universitario en Ciencia y Tecnología desde el Espacio}},
    year = {2015},
    keywords = {official},
    note = {Básica. 8,4T.}
}

@course{official2015-1,
    title = {Advanced Robot Control},
    author = {{Grado en Sistemas de Información / Grado en Ingeniería en Computadores / Grado en Ingeniería Informática}},
    year = {2015},
    keywords = {official},
    note = {Year 3. Optativa. 7,5T/7,5P.}
}

@course{official2014-3,
    title = {Tecnología de Videojuegos},
    author = {{Asignatura transversal EPS}},
    year = {2014},
    keywords = {official},
    note = {21T/135P. \textit{Coordination}.}
}

@course{official2014-2,
    title = {Inteligencia Artificial en los Sistemas de Control Autónomo},
    author = {{Máster Universitario en Ciencia y Tecnología desde el Espacio}},
    year = {2014},
    keywords = {official},
    note = {Básica. 8,4T.}
}

@course{official2014-1,
    title = {Aplicación de los Sistemas de Control (English)},
    author = {{Grado en Ingeniería Informática}},
    year = {2014},
    keywords = {official},
    note = {Year 3. Optativa. 7,5T/7,5P. \textit{Coordination}.}
}

@course{official2013-3,
    title = {Tecnología de Videojuegos},
    author = {{Asignatura transversal EPS}},
    year = {2013},
    keywords = {official},
    note = {21T/90P. \textit{Coordination}.}
}

@course{official2013-2,
    title = {Sistemas Operativos},
    author = {{Grado en Ingeniería Informática / Grado en Ingeniería en Computadores}},
    year = {2013},
    keywords = {official},
    note = {Year 1. Básica. 30P.}
}

@course{official2013-1,
    title = {Inteligencia Artificial en los Sistemas de Control Autónomo},
    author = {{Máster Universitario en Ciencia y Tecnología desde el Espacio}},
    year = {2013},
    keywords = {official},
    note = {Básica. 14,7T.}
}

@course{official2012-4,
    title = {Tecnología de Videojuegos},
    author = {{Asignatura transversal EPS}},
    year = {2012},
    keywords = {official},
    note = {25T/90P. \textit{Coordination}.}
}

@course{official2012-3,
    title = {Inteligencia Artificial en los Sistemas de Control Autónomo},
    author = {{Máster Universitario en Ciencia y Tecnología desde el Espacio}},
    year = {2012},
    keywords = {official},
    note = {Básica. 21T.}
}

@course{official2012-2,
    title = {Informática (English)},
    author = {{Grado en Ingeniería en Electrónica y Automática Industrial}},
    year = {2012},
    keywords = {official},
    note = {Year 1. Básica. 7,5T/7,5P.}
}

@course{official2012-1,
    title = {Aplicación de los Sistemas de Control},
    author = {{Grado en Ingeniería Informática}},
    year = {2012},
    keywords = {official},
    note = {Year 3. Optativa. 10T/10P.}
}

@course{official2011-3,
    title = {Sistemas Operativos},
    author = {{Grado en Ingeniería Informática / Grado en Ingeniería en Computadores}},
    year = {2011},
    keywords = {official},
    note = {Year 1. Básica. 90P.}
}

@course{official2011-2,
    title = {Inteligencia Artificial en los Sistemas de Control Autónomo},
    author = {{Máster Universitario en Ciencia y Tecnología desde el Espacio}},
    year = {2011},
    keywords = {official},
    note = {Básica. 21T.}
}

@course{official2011-1,
    title = {Informática},
    author = {{Grado en Ingeniería en Electrónica y Automática Industrial}},
    year = {2011},
    keywords = {official},
    note = {Year 1. Básica. 60T/30P.}
}

@course{official2010-2,
    title = {Sistemas Operativos},
    author = {{Grado en Ingeniería Informática / Grado en Ingeniería en Computadores}},
    year = {2010},
    keywords = {official},
    note = {Year 1. Básica. 60T/60P. \textit{Coordination}.}
}

@course{official2010-1,
    title = {Estructura y Diseño de Sistemas Operativos},
    author = {{Ingeniería Informática}},
    year = {2010},
    keywords = {official},
    note = {Year 3. Obligatoria. 45T/60P. \textit{Coordination}.}
}

@course{official2009-3,
    title = {Sistemas Operativos},
    author = {{Ingeniería Técnica en Informática de Sistemas}},
    year = {2009},
    keywords = {official},
    note = {Year 2. Troncal. 30T/45P.}
}

@course{official2009-2,
    title = {Sistemas Operativos},
    author = {{Grado en Ingeniería Informática / Grado en Ingeniería en Computadores}},
    year = {2009},
    keywords = {official},
    note = {Year 1. Básica. 30T/90P.}
}

@course{official2009-1,
    title = {Estructura y Diseño de Sistemas Operativos},
    author = {{Ingeniería Informática}},
    year = {2009},
    keywords = {official},
    note = {Year 3. Obligatoria. 45T. \textit{Coordination}.}
}

@course{official2008-3,
    title = {Sistemas Operativos},
    author = {{Ingeniería Técnica en Informática de Sistemas}},
    year = {2008},
    keywords = {official},
    note = {Year 2. Troncal. 105P.}
}

@course{official2008-2,
    title = {Estructura y Diseño de Sistemas Operativos},
    author = {{Ingeniería Informática}},
    year = {2008},
    keywords = {official},
    note = {Year 3. Obligatoria. 45T/60P. \textit{Coordination}.}
}

@course{official2008-1,
    title = {Arquitectura de Computadores},
    author = {{Ingeniería en Telecomunicaciones}},
    year = {2008},
    keywords = {official},
    note = {Year 4. Troncal. 30P.}
}

@course{official2007-4,
    title = {Sistemas Operativos},
    author = {{Ingeniería Técnica en Telecomunicación - Telemática}},
    year = {2007},
    keywords = {official},
    note = {Year 2. Troncal. 60T.}
}

@course{official2007-3,
    title = {Sistemas Operativos},
    author = {{Ingeniería Técnica en Informática de Sistemas}},
    year = {2007},
    keywords = {official},
    note = {Year 2. Troncal. 150P. \textit{Coordination}.}
}

@course{official2007-2,
    title = {Estructura y Diseño de Sistemas Operativos},
    author = {{Ingeniería Informática}},
    year = {2007},
    keywords = {official},
    note = {Year 3. Obligatoria. 45T/60P. \textit{Coordination}.}
}

@course{official2007-1,
    title = {Arquitectura de Computadores},
    author = {{Ingeniería en Telecomunicaciones}},
    year = {2007},
    keywords = {official},
    note = {Year 4. Troncal. 30P.}
}

@course{official2006-4,
    title = {Sistemas Operativos},
    author = {{Ingeniería Técnica en Telecomunicación - Telemática}},
    year = {2006},
    keywords = {official},
    note = {Year 2. Troncal. 60T. \textit{Coordination}.}
}

@course{official2006-3,
    title = {Sistemas Operativos},
    author = {{Ingeniería en Informática}},
    year = {2006},
    keywords = {official},
    note = {Year 2. Obligatoria. 60P.}
}

@course{official2006-2,
    title = {Sistemas Operativos},
    author = {{Ingeniería Técnica en Informática de Sistemas}},
    year = {2006},
    keywords = {official},
    note = {Year 2. Troncal. 30T/135P. \textit{Coordination}.}
}

@course{official2006-1,
    title = {Introducción a la Informática},
    author = {{Ingeniería en Informática}},
    year = {2006},
    keywords = {official},
    note = {Year 1. Obligatoria. 3T.}
}

@course{official2005-4,
    title = {Sistemas Operativos},
    author = {{Ingeniería en Informática}},
    year = {2005},
    keywords = {official},
    note = {Year 2. Obligatoria. 120P.}
}

@course{official2005-3,
    title = {Arquitectura de Computadores},
    author = {{Ingeniería en Telecomunicaciones}},
    year = {2005},
    keywords = {official},
    note = {Year 4. Troncal. 45P.}
}

@course{official2005-2,
    title = {Sistemas Operativos},
    author = {{Ingeniería Técnica en Informática de Sistemas}},
    year = {2005},
    keywords = {official},
    note = {Year 2. Troncal. 30T/90P.}
}

@course{official2005-1,
    title = {Laboratorio de Sistemas Operativos},
    author = {{Ingeniería Técnica en Telecomunicación - Telemática}},
    year = {2005},
    keywords = {official},
    note = {Year 2. Troncal. 30P.}
}

%-------------- unofficial ------------

@course{unofficial2017-3,
    author = {{Universidad Nacional Autónoma de Nicaragua - Managua}},
    title = {{Communication skills in research}},
    year = {2017},
    keywords = {unofficial},
    note = {Managua, Nicaragua. 6 hours.}
}

@course{unofficial2017-2,
    author = {{Universidad Nacional Autónoma de Nicaragua - Managua, FAREM Chontales}},
    title = {{Investigación en el campo computacional}},
    year = {2017},
    keywords = {unofficial},
    note = {Juigalpa, Nicaragua.}
}

@course{unofficial2017-1,
    author = {{Universidad Nacional Autónoma de Nicaragua - Managua}},
    title = {{Machine Learning}},
    year = {2017},
    keywords = {unofficial},
    note = {Managua, Nicaragua. 16 hours.}
}

@course{unofficial2013-2,
    author = {{Universidad Autónoma de Madrid}},
    title = {{Experiencias de innovación pública en redes sociales desde la sociedad}},
    year = {2013},
    keywords = {unofficial},
    note = {Curso de Verano Innovación y redes sociales en las administraciones públicas: transparencias, participación y colaboración.}
}

@course{unofficial2013-1,
    author = {{Universidad de La Salle}},
    title = {{Seminario-Taller de Minería de Datos}},
    year = {2013},
    keywords = {unofficial},
    note = {León, Nicaragua. 4 hours.}
}

@course{unofficial2012-3,
    author = {{Ministerio de Gobernación}},
    title = {{Introducción a la Minería de Datos}},
    year = {2012},
    keywords = {unofficial},
    note = {Managua, Nicaragua. 2 hours.}
}

@course{unofficial2012-2,
    author = {{Dirección General de Aduanas}},
    title = {{Minería de Datos}},
    year = {2012},
    keywords = {unofficial},
    note = {Managua, Nicaragua. 2 hours.}
}

@course{unofficial2012-1,
    author = {{Departamento de Computación de la UNAN-León}},
    title = {{Minería de Datos, Inteligencia Artificial y Computación Evolutiva}},
    year = {2012},
    keywords = {unofficial},
    note = {León, Nicaragua. 16 hours.}
}

@course{unofficial2010-2,
    author = {{Bluefields Indian \& Caribean University}},
    title = {{Sistemas Operativos}},
    year = {2010},
    keywords = {unofficial},
    note = {Bluefields, Nicaragua.}
}

@course{unofficial2007-1,
    author = {{Departamento de Computación de la UNAN-León}},
    title = {{Módulo de Sistemas Operativos}},
    year = {2007},
    keywords = {unofficial},
    note = {León, Nicaragua. 80 hours.}
}

@course{unofficial2006-1,
    author = {{Departamento de Computación de la UNAN-León}},
    title = {{Administración avanzada de servicios en red}},
    year = {2006},
    keywords = {unofficial},
    note = {León, Nicaragua. 105 hours.}
}

@course{unofficial2005-1,
    author = {{Junta de Comunidades de Castilla-La Mancha}},
    title = {{Formación de formadores en Molinux}},
    year = {2005},
    keywords = {unofficial},
    note = {Azuqueca de Henares, Spain. 50 hours.}
}

@course{unofficial2004-2,
    author = {{Escuela Politécnica Superior de Ingeniería Informática de la UAH}},
    title = {{Introducción a la web semántica y RDF}},
    year = {2004},
    keywords = {unofficial},
    note = {Alcalá de Henares, Spain. 2 hours.}
}

@course{unofficial2004-1,
    author = {{Escuela Politécnica Superior de Ingeniería Informática de la UAH}},
    title = {{Introducción a los servicios web}},
    year = {2004},
    keywords = {unofficial},
    note = {Alcalá de Henares, Spain. 2 hours.}
}


%-------------- Tech training -------------

@course{techtraining2022-1,
    author = {{Python in Heliophysics Summer School}},
    title = {{Python in Heliophysics Community (PyHC).}},
    year = {2022},
    keywords = {techtraining},
    note = {40 hours.}
}

@course{techtraining2020-1,
    author = {{Modelos mecanicistas y estadísticos para brotes epidémicos. El caso de la COVID-19 en Euskadi}},
    title = {{XXXIII Seminario Internacional de Estadística. Instituto Vasco de Estadística.}},
    year = {2020},
    keywords = {techtraining},
    note = {Online. 10 hours.}
}

@course{techtraining2019-1,
    author = {{Time Series}},
    title = {{Advanced Statistics and Data Mining Summer School. Universidad Politécnica de Madrid}},
    year = {2019},
    keywords = {techtraining},
    note = {Madrid, Spain. 15 hours.}
}

@course{techtraining2016-3,
    author = {{Taller de reutilización de datos del INE}},
    title = {{Instituto Nacional de Estadística}},
    year = {2016},
    keywords = {techtraining},
    note = {Madrid, Spain. 5 hours.}
}

@course{techtraining2016-2,
    author = {{Taller de análisis de datos con MAXQDA12}},
    title = {{Universidad de Alcalá}},
    year = {2016},
    keywords = {techtraining},
    note = {Alcalá de Henares, Spain. 2 hours.}
}

@course{techtraining2016-1,
    author = {{Neural Networks and Deep Learning}},
    title = {{Advanced Statistics and Data Mining Summer School. Universidad Politécnica de Madrid}},
    year = {2016},
    keywords = {techtraining},
    note = {Madrid, Spain. 15 hours.}
}

@course{techtraining2012-1,
    author = {{Feature Subset Selection}},
    title = {{Advanced Statistics and Data Mining Summer School. Universidad Politécnica de Madrid}},
    year = {2012},
    keywords = {techtraining},
    note = {Madrid, Spain. 15 hours.}
}

%-------------- Edu training -------------
@course{edutraining2021-1,
    author = {Unidad  de  Atención  a  la  Diversidad},
    title = {{Dificultades y estrategias de ayuda a estudiantes con altas capacidades y sobredotación}},
    year = {2021},
    keywords = {edutraining},
    note = {Alcalá de Henares, Spain. 4 hours.}
}

@course{edutraining2020-2,
    author = {Instituto de Ciencias de la Educación, Universidad de Alcalá},
    title = {{Diseño y planificación de asignaturas semipresenciales ante la COVID-19}},
    year = {2020},
    keywords = {edutraining},
    note = {Alcalá de Henares, Spain. 2 hours.}
}

@course{edutraining2020-1,
    author = {Instituto de Ciencias de la Educación, Universidad de Alcalá},
    title = {{Experiencias Docentes en la Evaluación Virtual: Problemas y Posibles Soluciones}},
    year = {2020},
    keywords = {edutraining},
    note = {Alcalá de Henares, Spain. 2 hours.}
}

@course{edutraining2017-3,
    author = {Instituto de Ciencias de la Educación, Universidad de Alcalá},
    title = {{Esto SÍ es una clase. Estrategias y dinámicas para aplicar en lecciones magistrales}},
    year = {2017},
    keywords = {edutraining},
    note = {Alcalá de Henares, Spain.}
}

@course{edutraining2017-2,
    author = {Instituto de Ciencias de la Educación, Universidad de Alcalá},
    title = {{Aprendizaje-Servicio (ApS): Una metodología innovadora para la mejora de aprendizajes y el compromiso social}},
    year = {2017},
    keywords = {edutraining},
    note = {Alcalá de Henares, Spain.}
}

@course{edutraining2017-1,
    author = {Instituto de Ciencias de la Educación, Universidad de Alcalá},
    title = {{Jornadas de Debate: Experiencias de enseñanza sobre aprendizaje activo}},
    year = {2017},
    keywords = {edutraining},
    note = {Alcalá de Henares, Spain.}
}

%@course{edutraining2016-3,
%    author = {Instituto de Ciencias de la Educación, Universidad de Alcalá},
%    title = {{Herramientas Office365 (I): OneDrive}},
%    year = {2016},
%    keywords = {edutraining},
%    note = {Alcalá de Henares, Spain. 3 hours.}
%}

%@course{edutraining2016-2,
%    author = {Instituto de Ciencias de la Educación, Universidad de Alcalá},
%    title = {{Herramientas Office365 (I): OneDrive}},
%    year = {2016},
%    keywords = {edutraining},
%    note = {Alcalá de Henares, Spain. 3 hours.}
%}

@course{edutraining2016-1,
    author = {Instituto de Ciencias de la Educación, Universidad de Alcalá},
    title = {{Herramientas Office365 (I): OneDrive}},
    year = {2016},
    keywords = {edutraining},
    note = {Alcalá de Henares, Spain. 3 hours.}
}

@course{edutraining2015-3,
    author = {Instituto de Ciencias de la Educación, Universidad de Alcalá},
    title = {{La evaluación de la actividad docente (DOCENTIA) Campus externo}},
    year = {2015},
    keywords = {edutraining},
    note = {Alcalá de Henares, Spain. 4 hours.}
}

@course{edutraining2015-2,
    author = {Instituto de Ciencias de la Educación, Universidad de Alcalá},
    title = {{Evaluación formativa mediante rúbricas}},
    year = {2015},
    keywords = {edutraining},
    note = {Alcalá de Henares, Spain. 4 hours.}
}

@course{edutraining2015-1,
    author = {Instituto de Ciencias de la Educación, Universidad de Alcalá},
    title = {{Taller de evaluación}},
    year = {2015},
    keywords = {edutraining},
    note = {Alcalá de Henares, Spain. 20 hours.}
}

@course{edutraining2014-4,
    author = {Instituto de Ciencias de la Educación, Universidad de Alcalá},
    title = {{Planificación docente en la enseñanza por competencias}},
    year = {2014},
    keywords = {edutraining},
    note = {Alcalá de Henares, Spain. 4 hours.}
}

@course{edutraining2014-2,
    author = {Instituto de Ciencias de la Educación, Universidad de Alcalá},
    title = {{Evaluación para el aprendizaje}},
    year = {2014},
    keywords = {edutraining},
    note = {Alcalá de Henares, Spain. 2 hours.}
}

@course{edutraining2014-1,
    author = {Instituto de Ciencias de la Educación, Universidad de Alcalá},
    title = {{Gestión del cambio}},
    year = {2014},
    keywords = {edutraining},
    note = {Alcalá de Henares, Spain. 6 hours.}
}

@course{edutraining2013-1,
    author = {Instituto de Ciencias de la Educación, Universidad de Alcalá},
    title = {{Adaptación a la nueva versión del campus online (Blackboard Learn 9.1)}},
    year = {2013},
    keywords = {edutraining},
    note = {Alcalá de Henares, Spain. 2 hours.}
}

%-------------- Other training -------------

@course{othertraining1997-1,
    author = {{Universidad Nacional de Educación a Distancia}},
    title = {{Las transformaciones políticas y económicas de Europa del Este y la antigua Unión Soviética}},
    year = {1997},
    keywords = {othertraining},
    note = {Segovia, Spain. 35 hours.}
}

