%---- Teaching management -----
@other{tmanagement2017-2,
    author = {{Member of the Comisión de Contrataciones del Departamento de Automática.}},
    year = {2017},
    keywords = {teachingmanagement},
    note = {2017/18}
}

@other{tmanagement2017-1,
    author = {{Scientific coordinator of the Master's Degree \textit{Machine Learning and Big Data}, organized by the UNAN-Managua and UNAN-León. (Cancelled).}},
    year = {2017},
    keywords = {teachingmanagement},
    note = {}
}

@other{tmanagement2016-2,
    author = {{Coordinator of the Unidad Docente Arquitectura y Tecnología de Computadores - ATC1}},
    year = {2015},
    keywords = {teachingmanagement},
    note = {2015/16, 2016/17.}
}

@other{tmanagement2016-1,
    author = {{Member of the Comisión de Planes de Estudio de Informática de la Junta de la Escuela Politécnica Superior}},
    year = {2016},
    keywords = {teachingmanagement},
    note = {2016/17, 2017/18 (alternate member).}
}

@other{tmanagement2015-2,
    author = {{Alternate member of the Comisión de Reconocimiento de Créditos y Asignaturas de la Junta de la Escuela Politécnica Superior}},
    year = {2015},
    keywords = {teachingmanagement},
    note = {2015/16, 2016/17.}
}

@other{tmanagement2012-1,
    author = {{Member of the Comisión de Quinta y Sexta Convocatoria de Arquitectura y Tecnología de Computadores}},
    year = {2012},
    keywords = {teachingmanagement},
    note = {2012/13.}
}

@other{tmanagement2015-1,
    author = {{Member of the Comisión de Trabajos de Fin de Carrera del Departamento de Automática}},
    year = {2011},
    keywords = {teachingmanagement},
    note = {2011/12, 2012/13, 2014/14, 2014/15.}
}


\cvlistitem{Tutorship in the program Tutorías Académicas Personalizadas for students enroled in Grado de Ingeniería de Computadores, Escuela Politécnica Superior. 2014.}

\cvlistitem{Coordinator of the Personal Tutorship Program along the course 2012/13 for Grado de Ingeniería Informática.}

\cvlistitem{Participation in the Personal Tutorship Program along the course 2013/14 for Grado de Ingeniería en Computadores.}




%---- R&D management -----
@other{miscrd2021-1,
    author = {{Coordinator of CLEI's Operations Research and Artificial Intelligence Working Group (2021)}},
    year = {2021},
    keywords = {rdmanagement},
}

@other{miscrd2020,
    author = {{Coordinator of Intelligent Systems Group}},
    year = {2022},
    keywords = {rdmanagement},
}

@other{miscrd2017-1,
    author = {{Local chair of the \textit{6th IEEE International Conference on Space Mission Challenges for Information Technology (IEEE SMC-IT 2017)}}},
    year = {2017},
    keywords = {rdmanagement},
}

@other{miscrd2014-2,
    author = {{Local cochair of the \textit{5th International Conference on Emerging Security Technologies (EST 2014)}}},
    year = {2014},
    keywords = {rdmanagement},
}

@other{miscrd2014-1,
    author = {{Chairman and member of the local committee of the \textit{Intelligent Distributed Computing Conference (IDC 2014)}}},
    year = {2014},
    keywords = {rdmanagement},
}

@other{miscrd2013-6,
    author = {{Member of the local and program committees of the \textit{3rd International Conference on Web Intelligence, Mining and Semantics (WIMS 2013)}}},
    year = {2013},
    keywords = {rdmanagement},
}

%@other{miscrd2013-5,
%    author = {{Reviewer of the \textit{IEEE Congress on Evolutionary Computation 2013 (CEC2013)}}},
%    year = {2013},
%    keywords = {rdmanagement},
%}

%@other{miscrd2013-4,
%    author = {{Reviewer of the \textit{Décima Conferencia Iberoamericana en Sistemas, Cibernética e Informática (CISCI 2013)}}},
%    year = {2013},
%    keywords = {rdmanagement},
%}

@other{miscrd2013-3,
    author = {{Publicity chair of the \textit{IEEE 4th International Conference on Emerging Security Technologies (IEEE EST 2013)}}},
    year = {2013},
    keywords = {rdmanagement},
}

@other{miscrd2013-2,
    author = {{Publicity chair of the \textit{International Workshop on Human-Machine Systems, Cybors and Enhancing Devices (HUMASCEND 2013)}}},
    year = {2013},
    keywords = {rdmanagement},
}

%@other{miscrd2013-1,
%    author = {{Member of the program committee and reviewer of the \textit{IADIS International Conference WWW/Internet (IADIS 2013)}}},
%    year = {2013},
%    keywords = {rdmanagement},
%}

%@other{miscrd2012-6,
%    author = {{Reviewer of the \textit{IEEE Transactions on Evolutionary Computation}}},
%    year = {2012},
%    keywords = {rdmanagement},
%}

%@other{miscrd2012-5,
%    author = {{Member of the program committee and reviewer of the \textit{6th Multi-Disciplinary International Workshop on Artificial Intelligence (MIWAI 2012)}}},
%    year = {2012},
%    keywords = {rdmanagement},
%}

@other{miscrd2012-4,
    author = {{Member of the editorial board and reviewer of the \textit{Journal of Computer Sicence and Applications (IJCSA)}}},
    year = {2012},
    keywords = {rdmanagement},
}

%@other{miscrd2012-3,
%    author = {{Reviewer of the \textit{IEEE Transactions on Education}}},
%    year = {2012},
%    keywords = {rdmanagement},
%}

%@other{miscrd2012-2,
%    author = {{Member of the program commettee and reviewer of the \textit{IADIS International Conference WWW/Internet (IADIS 2012)}}},
%    year = {2012},
%    keywords = {rdmanagement},
%}

%@other{miscrd2012-1,
%    author = {{Reviewer of the \textit{IEEE Congress on Evolutionary Computation 2012 (CEC2012)}}},
%    year = {2012},
%    keywords = {rdmanagement},
%}

%@other{miscrd2011-1,
%    author = {{Reviewer of the \textit{Novena Conferencia Iberoamericana en Sistemas, Cibernética e Informática (CISCI 2011)}}},
%    year = {2011},
%    keywords = {rdmanagement},
%}

%@other{miscrd2010-1,
%    author = {{Reviewer of the \textit{Novena Conferencia Iberoamericana en Sistemas, Cibernética e Informática (CISCI 2010)}}},
%    year = {2010},
%    keywords = {rdmanagement},
%}

%@other{miscrd2007-1,
%    author = {{Member of the program commettee and reviewer of the \textit{IADIS International Conference WWW/Internet (IADIS 2007)}}},
%    year = {2007},
%    keywords = {rdmanagement},
%}

@other{miscrd2006-1,
    author = {{President of corporate sessions of the \textit{II Jornadas Cientifico-Técnicas en Servicios Web (JSWEB 2006)}}},
    year = {2006},
    keywords = {rdmanagement},
}

