@project{project-2020-2,
    title = {Placement Opportunities With Entrepreneurial Reach},
    year = {2020},
    keywords = {project},
    note = {Erasmus+ Key Action 2 - Knowledge Alliance project. (Ref. 601187-EPP-1-2018-1-LU-EPPKA2-KA (Call EAC/A05/201)). Participation of The European University Foundation - Campus Europae (coordinator), Technoport S.A., Universidad de Alcalá, Asociacion Tetuan Valley, Innovaatio Oy Uusi Tehdas, Aristotle University of Thessaloniki, Innovation Zone, Politechnika Łódzka. PI: \textbf{María D. R-Moreno}, PhD. 987.195 euros (54.007,50 euros UAH). 2020.}
}

@project{project-2020-1,
    title = {Servidor de altas prestaciones para cómputo intensivo en aplicaciones de Big Data},
    year = {2020},
    keywords = {project},
    note = {Universidad de Alcalá (UAH INFR. B 2020-006). PI: \textbf{David F. Barrero}, PhD. 26.686,22 euro. 2020.}
}

@project{project-2016-1,
    title = {Detección de caídas mediante acelerómetro triaxial en entorno de atención remota a la dependencia},
    year = {2016},
    keywords = {project},
    note = {Universidad de Alcalá (2016/00351/001). Participation of Universidad de Alcalá. PI: \textbf{David F. Barrero}, PhD. 3.000 euro. 2017.}
}

@project{project-2015-2,
    title = {Algoritmos bioinspirados en entornos efímeros complejos},
    year = {2015},
    keywords = {project},
    note = {Ministerio de Economia y Competitividad (TIN2014-56494-C4-4-P). Participation of Universidad de Málaga, Universidad de Granada, Universidad Autónoma de Madrid and Universidad de Alcalá. PI: Carlos Cota and Juan Julián Merelo, PhD. 120.000 euro. 2015-2017.}
}

@project{project-2015-1,
    title = {Detección automática de emergencias basada en patrones de conducta en personas dependientes},
    year = {2015},
    keywords = {project},
    note = {Universidad de Alcalá (2015/00297/001). Participation of Universidad de Alcalá. PI: \textbf{David F. Barrero}, PhD. 6.000 euro. 2015-2016.}
}

@project{project-2011-1,
    title = {Análisis del comportamiento de avatares basado en integración de conocimiento (ABANT)},
    year = {2011},
    keywords = {project},
    note = {Ministerio de Ciencia e Innovación (TIN2010-19872/TSI). Participation of Universidad Autónoma de Madrid and Universidad de Alcalá. PI: David Camacho, PhD. 2011-2013.}
}

@project{project-2010-1,
    title = {COLlaborative VEhicles autonomous EXploration (COLVEX)},
    year = {2010},
    keywords = {project},
    note = {IMADE (PIE/660/2010). PI: Enrique García and María D. R-Moreno, PhD. 54.163,84 euro. 2010-2011}
}

@project{project-2009-4,
    title = {Internet y las tecnologías de la Información y la Comunicación en al mejora de los gobiernos centroamericanos. Estudio sobre el nivel político-administrativo municipal y propuesta de creación de un espacio digital de formación sobre gobierno electrónico},
    year = {2009},
    keywords = {project},
    note = {Convocatoria de Proyectos de Cooperación Interuniversitaria UAM-Santander. Participation of Universidad Autónoma de Madrid, Universidad de Alcalá, UNAN-León, Universidad Autónoma Metropolitana Azcapotzalco, Consejo Nicaragüense de Investigación Científica Tecnológica, Universidad Especializada de las Américas, Oficina Multipaís de UNESCO. PI: J. Ignacio Criado, PhD. 12.000 euros. 2009-2010.} 
}

@project{project-2009-3,
    title = {Mejora de la docencia de las titulaciones de Computación en universidades centroamericanas},
    year = {2009},
    keywords = {project},
    note = {Agencia Española de Cooperación Internacional para el Desarrollo (B/019165/08). Participation of Universidad de Alcalá, UNAN-León, ITCR, Universidad Nacional de Córdoba, Universidad Ricardo Palma, Universidad de Boras, Universidad de la Serena, Universidad de San Carlos. 23.000 euro. 2009-2010}
}

@project{project-2009-2,
    title = {Fortalecimiento del Departamento de Computación de la UNAN de León},
    year = {2009},
    keywords = {project},
    note = {Agencia Española de Cooperación Internacional para el Desarrollo (D/016372/08). Participation of Universidad de Alcalá, UNAN-León. 100.375 euro. 2009-2010}
}

@project{project-2009-1,
    title = {Comunicaciones interactivas e inteligentes en grandes edificios II},
    year = {2009},
    keywords = {project},
    note = {Junta de Comunidades de Castilla-La Mancha (PEII09-0266-6640). Participation of Universidad de Alcalá and WaveNet S.L.. PI: María D. R-Moreno, PhD. 104.687 euro. 2009-2011.}
}

@project{project-2008-2,
    title = {USo+i: Universidad, Sociedad e Innovación. Mejora de la Pertinencia de la Educación en las Ingenierías de Latinoamérica},
    year = {2008},
    keywords = {project},
    note = {European Community Alpha Program (DCI-ALA/19.09.01/08/19189/160-922/ALFA III-9). Participation of Universidad de Alcalá, UNAN-León, ITCR, Universidad Nacional de Córdoba, Universidad Ricardo Palma, Universidad de Boras, Universidad de la Serena, Universidad de San Carlos. PI: Elena Campo. 1.210.530 euros. 2008-2011.}
}

@project{project-2008-1,
    title = {Las nuevas relaciones entre ciudadanos y gobiernos locales: una aproximación desde el caso de la Comunidad de Madrid. La democracia local española a estudio tras treinta años de ayuntamientos democráticos},
    year = {2008},
    keywords = {project},
    note = {Comunidad de Madrid (S2007/HUM-0591). Participation of Universidad Autónoma de Madrid, Universidad Complutense de Madrid and Universidad de Alcalá. PI: Carlos Alba, PhD. 201.600 euro. 2008-2012.}
}

@project{project-2006-2,
    title = {Sistema de planificación y control automático para procesos de aprendizaje de larga duración de entornos de educación electrónica},
    year = {2006},
    keywords = {project},
    note = {CICYT (TSI2006-12085). Participation of Universidad Autónoma de Madrid and Universidad de Alcalá. PI: David Camacho, PhD. 10.000 euros. 2006-2007.}
}

@project{project-2006-1,
    title = {Maestría en Computación con Énfasis en Sistemas de Información},
    year = {2006},
    keywords = {project},
    note = {Agencia Española de Cooperación Internacional (AECI B/6141/06). Participation of Universidad de Alcalá, Universidad de San Carlos (Guatemala), Universidad Nacional Autónoma de Nicaragua - León (Nicaragua). PI: Elena Campo. 25.000 euros. 2006-2007}
}

@project{project-2005-1,
    title = {Evaluación y Planificación Automática como apoyo docente en entornos de enseñanzas virtuales},
    year = {2005},
    keywords = {project},
    note = {Vicerrectorado de Investigación de la Universidad de Alcalá (UAH PI2005/084). Participation of Universidad de Alcalá and Universidad Carlos III de Madrid. PI: María D. R-Moreno, PhD. 6.000 euro. 2005-2007.}
}

%------- CONTRACTS -------
@project{contract-2019-1,
    title = {Utilización de redes neuronales como método para mantenimiento en la condición en los buques de la Armada (SOPRENE)},
    year = {2018},
    keywords = {contract},
    note = {Participation of Universidad de Alcalá, Armada Española (Spanish Army), Indra Sistemas, Universidad de la Coruña. PI: \textbf{David F. Barrero}, PhD and María D. R-Moreno, PhD. 70.000 euro. 2018-2020.}
}


@project{contract-2017-1,
    title = {Detección de defectos de fabricación en perfiles de PVC},
    year = {2017},
    keywords = {contract},
    note = {Participation of Profine Ibérica and University of Alcalá. PI: \textbf{David F. Barrero}, María D. R-Moreno and Pablo Muñoz. 20.000 euro. 2017-2018.}
}

@project{contract-2012-1,
    title = {Cooperative systems for autonomous exploration missions},
    year = {2012},
    keywords = {contract},
    note = {European Space Agency (ESA) (4000106544/12/NL/PA). Participation of Universidad de Alcalá and CNR-ISTC Rome. PI: María D. R-Moreno, PhD. 180.000 euro. 2012-2015.}
}

@project{contract-2009-1,
    title = {Autonomy for Interplanetary Missions},
    year = {2009},
    keywords = {contract},
    note = {European Space Agency (ESA) (21619/08/NL/PA). Participation of CNR-ISTC Rome and Universidad de Alcalá. PI: María D. R-Moreno, PhD. 180.000 euro. 2009-2011.}
}

@project{contract-2005-1,
    title = {Co-development using inner and Open Source in Software Intensive products},
    year = {2005},
    keywords = {contract},
    note = {Telvent-Interactiva (ITEA IF04031). Participation of UAM, Telvent-Interactiva, UPM, Telefónica I+D, PHILIPS, NOKIA, Meritie, Gamelion, VTT Technical Research Centre of Finland, Helsinki School of Economics (HSE), ICT-Norway, European Software Institute (ESI), Combitech Systems, Hagskolan i Skovde. PI: \textbf{David F. Barrero}. 29.000 euro. 2005-2008.}
}

%------- EDUCATION -------
@project{education5,
    title = {Desarrollo de competencias de trabajo cooperativo por medio de redes sociales profesionales},
    author = {{Universidad de Alcalá}},
    year = {2017},
    keywords = {education},
    note = {(UAH/EV932). IP: \textbf{David F. Barrero}.}
}

@project{education4,
    title = {Simulación robótica para la enseñanza de Inteligencia Artificial},
    author = {{Universidad de Alcalá}},
    year = {2016},
    keywords = {education},
    note = {(UAH/EV870).  IP: \textbf{David F. Barrero}.}
}

@project{education3,
    title = {Aprendizaje Basado en Proyectos para afrontar la heterogeneidad en el aula},
    author = {{Universidad de Alcalá}},
    year = {2015},
    keywords = {education},
    note = {(UAH/EV726). IP: \textbf{David F. Barrero}.}
}

@project{education2,
    title = {Hacia la mejora del proceso de evaluación en asignaturas de los grados de Ingeniería},
    author = {{Universidad de Alcalá}},
    year = {2013},
    keywords = {education},
    note = {(UAH/EV601).}
}

@project{education1,
    title = {Cooperación robótica: electrónica, cálculo y automatización},
    author = {{Universidad de Alcalá}},
    year = {2012},
    keywords = {education},
    note = {(UAH/EV527).}
}


