% Reseach
@visit{stayresearch2016-1,
    title = {},
    author = {{\textit{University of Kent}, School of Computing}},
    year = {2016},
    keywords = {research},
    note = {Canterbury, United Kingdom. Two months. Research on Machine Learning applied to the study of randomness battery tests independence}
}

@visit{stayresearch2012-1,
    title = {},
    author = {{\textit{NASA Jet Propulsion Laboratory}, Advanced Robot Control Group}},
    year = {2012},
    keywords = {research},
    note = {Pasadena, CA, USA. Two months. Research on human-multirobot interaction and Brain-Computer Interfaces}
}

@visit{stayresearch2011-1,
    title = {},
    author = {{\textit{University of Portsmouth}, School of Computing}},
    year = {2011},
    keywords = {research},
    note = {Portsmouth, United Kingdom. Two months. Research on cryptoanalysis of lightweight authentication protocols and performance assessment of Evolutionary Algorithms}
}

@visit{stayresearch1999-1,
    title = {},
    author = {{\textit{Centre National d'Etudes Spatiales} (CNES)}},
    year = {1999},
    keywords = {research},
    note = {Toulouse, France. Six months. Undergraduate research grant on satellite microstrip antenna modelization}
}

% Education
@visit{stay2020-1,
    title = {},
    author = {{\textit{Universidad Nacional Autónoma de Honduras}, Facultad de Ciencia e Ingeniería}},
    year = {2020},
    keywords = {education},
    note = {Tegucigalpa, Honduras. Four days. Coolaboration with the design of the Systems Engineering curricula. Two seminars on AI and Robotics.}
}


@visit{stay2017-1,
    title = {},
    author = {{\textit{Universidad Nacional Autónoma de Nicaragua - Managua}, Facultad de Ciencia e Ingeniería}},
    year = {2017},
    keywords = {education},
    note = {León, Nicaragua. Two weeks. Initial contact to plan a collaboration program. Instruction in research communication skills and Machine Learning}
}

@visit{stay2012-1,
    title = {},
    author = {{\textit{Universidad Nacional Autónoma de Nicaragua - León}, Facultad de Ciencia y Tecnología}},
    year = {2012},
    keywords = {education},
    note = {León, Nicaragua. Two months. Instruction in research (research communication skills) and AI (Evolutionary Algorithms, Machine Learning)}
}

@visit{stay2010-1,
    title = {},
    author = {{\textit{Bluefields Indian and Caribbean University} (BICU)}},
    year = {2010},
    keywords = {education},
    note = {Bluefields, Nicaragua. Three weeks. Teachers instruction in Operating Systems}
}

@visit{stay2007-1,
    title = {},
    author = {{\textit{Universidad Nacional Autónoma de Nicaragua - León}, Facultad de Ciencia y Tecnología}},
    year = {2007},
    keywords = {education},
    note = {León, Nicaragua. Two months. Support for the División de Informática (IT Department) of UNAN-León}
}

@visit{stay2006-2,
    title = {},
    author = {{\textit{Universidad Nacional Autónoma de Nicaragua - León}, Facultad de Ciencia y Tecnología}},
    year = {2006},
    keywords = {education},
    note = {León, Nicaragua. Two months. Teachers instruction in system administration}
}

@visit{stay2006-1,
    title = {},
    author = {{\textit{Universidad Nacional Autónoma de Nicaragua - León}, Facultad de Ciencia y Tecnología}},
    year = {2006},
    keywords = {education},
    note = {León, Nicaragua. Three weeks. Teachers instruction in Operating Systems}
}


